<?xml version="1.0" encoding="UTF-8"?><record xmlns="http://www.loc.gov/MARC21/slim" xmlns:cinclude="http://apache.org/cocoon/include/1.0" xmlns:zs="http://www.loc.gov/zing/srw/">
  <leader>00496nz  a2200145n  4500</leader>
  <controlfield tag="001">no 96063913 </controlfield>
  <controlfield tag="003">DLC</controlfield>
  <controlfield tag="005">19961205053430.4</controlfield>
  <controlfield tag="008">961204n| acannaab|          |n aaa     c</controlfield>
  <datafield tag="010" ind1=" " ind2=" ">
    <subfield code="a">no 96063913 </subfield>
  </datafield>
  <datafield tag="035" ind1=" " ind2=" ">
    <subfield code="a">(OCoLC)oca04221756 </subfield>
  </datafield>
  <datafield tag="040" ind1=" " ind2=" ">
    <subfield code="a">PPPrHi</subfield>
    <subfield code="c">PPPrHi</subfield>
  </datafield>
  <datafield tag="100" ind1="1" ind2="0">
    <subfield code="a">M'Farland, John,</subfield>
    <subfield code="d">1785-1828</subfield>
  </datafield>
  <datafield tag="670" ind1=" " ind2=" ">
    <subfield code="a">The signs of the times, 1820:</subfield>
    <subfield code="b">t.p. (John M'Farland, minister of the gospel in Paris, Ky,)</subfield>
  </datafield>
  <datafield tag="670" ind1=" " ind2=" ">
    <subfield code="a">PPPrHi files</subfield>
    <subfield code="b">(John M'Farland; b. 1785; d. 1828; Presbyterian minister in Kentucky)</subfield>
  </datafield>
</record>